@article{theoryU,
    author = "F. Blanqui and G. Dowek and E. Grienenberger and G. Hondet and F. Thiré",
    title = "Some Axioms for Mathematics",
    journal = "Formal Structures for Computation and Deduction",
    year = "2021"
}

@article{zermodulo53,
    author = "G. Dowek and A. Miquel",
    title = "Cut elimination for Zermelo set theory: Proof of 53 easy lemmas",
    journal = "Manuscript, available from the web pages of the authors",
    year = "2007"
}

@article{zermodulo,
    author = "G. Dowek and A. Miquel",
    title = "Cut elimination for Zermelo set theory",
    journal = "Manuscript, available from the web pages of the authors",
    year = "2007"
}

@article{crabbé,
	author = "Marcel Crabbé",
	title = "Non-normalisation de la théorie de Zermelo",
	journal = "Manuscript, available from the web pages of the author"
}